<record><leader>00000cas a22000007a 4500</leader><controlfield tag="001">21435707</controlfield><controlfield tag="008">900427c19909999nyudn ne      0   a0eng d</controlfield><datafield ind1=" " ind2=" " tag="010"><subfield code="a">sn 90066139 </subfield></datafield><datafield ind1=" " ind2=" " tag="040"><subfield code="a">NYS</subfield><subfield code="b">eng</subfield><subfield code="c">NYS</subfield><subfield code="d">NSD</subfield><subfield code="d">NYS</subfield><subfield code="d">OCLCQ</subfield></datafield><datafield ind1=" " ind2=" " tag="012"><subfield code="m">1</subfield></datafield><datafield ind1="1" ind2=" " tag="022"><subfield code="a">1051-3841</subfield><subfield code="l">1051-3841</subfield><subfield code="2">1</subfield></datafield><datafield ind1=" " ind2=" " tag="032"><subfield code="a">358260</subfield><subfield code="b">USPS</subfield></datafield><datafield ind1=" " ind2=" " tag="037"><subfield code="b">Lee Publications, Inc., P.O. Box 170, Cobleskill, NY 12043</subfield></datafield><datafield ind1=" " ind2=" " tag="042"><subfield code="a">msc</subfield><subfield code="a">nsdp</subfield></datafield><datafield ind1="0" ind2=" " tag="130"><subfield code="a">Daily editor (Cobleskill, N.Y. : 1990)</subfield></datafield><datafield ind1=" " ind2="4" tag="222"><subfield code="a">The Daily editor</subfield><subfield code="b">(Cobleskill, N.Y.)</subfield></datafield><datafield ind1="1" ind2="4" tag="245"><subfield code="a">The daily editor.</subfield></datafield><datafield ind1="3" ind2="0" tag="246"><subfield code="a">Monday editor</subfield></datafield><datafield ind1=" " ind2=" " tag="260"><subfield code="a">Cobleskill, N.Y. :</subfield><subfield code="b">Lee Publications,</subfield><subfield code="c">1990-</subfield></datafield><datafield ind1=" " ind2=" " tag="300"><subfield code="a">v. :</subfield><subfield code="b">ill. ;</subfield><subfield code="c">59 cm.</subfield></datafield><datafield ind1=" " ind2=" " tag="310"><subfield code="a">Daily (except Saturday and Sunday),</subfield><subfield code="b">Apr. 1990-</subfield></datafield><datafield ind1="0" ind2=" " tag="362"><subfield code="a">Vol. 1, no. 1 (Apr. 23, 1990)-</subfield></datafield><datafield ind1=" " ind2=" " tag="500"><subfield code="a">Monday issue called: Monday editor, &lt;1990:4:30-1991:9:9&gt;; called daily editor after weekly ed. began.</subfield></datafield><datafield ind1=" " ind2=" " tag="500"><subfield code="a">"The hometown paper of Schoharie and Northern Delaware Counties."</subfield></datafield><datafield ind1=" " ind2=" " tag="515"><subfield code="a">Volume numbering later changed and adopted from: Mohawk Valley Democrat (Fonda, N.Y. : 1912).</subfield></datafield><datafield ind1=" " ind2=" " tag="580"><subfield code="a">Weekly ed.: Monday editor, 199 -</subfield></datafield><datafield ind1=" " ind2="4" tag="651"><subfield code="a">Cobleskill (N.Y.)</subfield><subfield code="v">Newspapers.</subfield></datafield><datafield ind1=" " ind2="4" tag="651"><subfield code="a">Schoharie County (N.Y.)</subfield><subfield code="v">Newspapers.</subfield></datafield><datafield ind1=" " ind2="4" tag="651"><subfield code="a">Delaware County (N.Y.)</subfield><subfield code="v">Newspapers.</subfield></datafield><datafield ind1=" " ind2=" " tag="752"><subfield code="a">United States</subfield><subfield code="b">New York</subfield><subfield code="c">Schoharie</subfield><subfield code="d">Cobleskill.</subfield></datafield><datafield ind1="1" ind2=" " tag="775"><subfield code="t">Monday editor</subfield><subfield code="w">(DLC)sn 93063788</subfield></datafield><datafield ind1="0" ind2="1" tag="785"><subfield code="t">Monday editor</subfield><subfield code="w">(DLC)sn 93063788</subfield></datafield><datafield ind1="1" ind2=" " tag="029"><subfield code="a">AU@</subfield><subfield code="b">000025863657</subfield></datafield></record>